%YAML 1.1
%TAG !u! tag:unity3d.com,2011:
--- !u!65 &9103661696559601679
BoxCollider:
  m_ObjectHideFlags: 0
  m_CorrespondingSourceObject: {fileID: 0}
  m_PrefabInstance: {fileID: 0}
  m_PrefabAsset: {fileID: 0}
  m_GameObject: {fileID: 2066129469515743897}
  m_Material: {fileID: 0}
  m_IsTrigger: 0
  m_Enabled: 1
  serializedVersion: 2
  m_Size: {x: 1.09813, y: 1.6743649, z: 0.27638298}
  m_Center: {x: -0.07299501, y: 0.8382315, z: 0.0048894957}
--- !u!1 &7917609617822291670
GameObject:
  m_ObjectHideFlags: 0
  m_CorrespondingSourceObject: {fileID: 0}
  m_PrefabInstance: {fileID: 0}
  m_PrefabAsset: {fileID: 0}
  serializedVersion: 6
  m_Component:
  - component: {fileID: 7917609617822291671}
  - component: {fileID: 1916152196}
  - component: {fileID: 1011569545720334992}
  m_Layer: 3
  m_Name: book
  m_TagString: Untagged
  m_Icon: {fileID: 0}
  m_NavMeshLayer: 0
  m_StaticEditorFlags: 0
  m_IsActive: 1
--- !u!4 &7917609617822291671
Transform:
  m_ObjectHideFlags: 0
  m_CorrespondingSourceObject: {fileID: 0}
  m_PrefabInstance: {fileID: 0}
  m_PrefabAsset: {fileID: 0}
  m_GameObject: {fileID: 7917609617822291670}
  m_LocalRotation: {x: 0, y: 0, z: 0, w: 1}
  m_LocalPosition: {x: 0, y: 0, z: 0}
  m_LocalScale: {x: 0.5, y: 0.5, z: 0.5}
  m_Children:
  - {fileID: 7668018842146234618}
  m_Father: {fileID: 0}
  m_RootOrder: 0
  m_LocalEulerAnglesHint: {x: 0, y: 0, z: 0}
--- !u!54 &1916152196
Rigidbody:
  m_ObjectHideFlags: 0
  m_CorrespondingSourceObject: {fileID: 0}
  m_PrefabInstance: {fileID: 0}
  m_PrefabAsset: {fileID: 0}
  m_GameObject: {fileID: 7917609617822291670}
  serializedVersion: 2
  m_Mass: 5
  m_Drag: 0.1
  m_AngularDrag: 0.1
  m_UseGravity: 1
  m_IsKinematic: 0
  m_Interpolate: 0
  m_Constraints: 0
  m_CollisionDetection: 0
--- !u!114 &1011569545720334992
MonoBehaviour:
  m_ObjectHideFlags: 0
  m_CorrespondingSourceObject: {fileID: 0}
  m_PrefabInstance: {fileID: 0}
  m_PrefabAsset: {fileID: 0}
  m_GameObject: {fileID: 7917609617822291670}
  m_Enabled: 1
  m_EditorHideFlags: 0
  m_Script: {fileID: 11500000, guid: 48033f818b24b2548b992f9defca8e51, type: 3}
  m_Name: 
  m_EditorClassIdentifier: 
--- !u!1001 &7917609619619153681
PrefabInstance:
  m_ObjectHideFlags: 0
  serializedVersion: 2
  m_Modification:
    m_TransformParent: {fileID: 7917609617822291671}
    m_Modifications:
    - target: {fileID: -8679921383154817045, guid: d3d2ac7281fda77489f77b4052890423, type: 3}
      propertyPath: m_RootOrder
      value: 0
      objectReference: {fileID: 0}
    - target: {fileID: -8679921383154817045, guid: d3d2ac7281fda77489f77b4052890423, type: 3}
      propertyPath: m_LocalScale.x
      value: 0.25593
      objectReference: {fileID: 0}
    - target: {fileID: -8679921383154817045, guid: d3d2ac7281fda77489f77b4052890423, type: 3}
      propertyPath: m_LocalScale.y
      value: 0.25593
      objectReference: {fileID: 0}
    - target: {fileID: -8679921383154817045, guid: d3d2ac7281fda77489f77b4052890423, type: 3}
      propertyPath: m_LocalScale.z
      value: 0.25593
      objectReference: {fileID: 0}
    - target: {fileID: -8679921383154817045, guid: d3d2ac7281fda77489f77b4052890423, type: 3}
      propertyPath: m_LocalPosition.x
      value: 0
      objectReference: {fileID: 0}
    - target: {fileID: -8679921383154817045, guid: d3d2ac7281fda77489f77b4052890423, type: 3}
      propertyPath: m_LocalPosition.y
      value: 0
      objectReference: {fileID: 0}
    - target: {fileID: -8679921383154817045, guid: d3d2ac7281fda77489f77b4052890423, type: 3}
      propertyPath: m_LocalPosition.z
      value: 0
      objectReference: {fileID: 0}
    - target: {fileID: -8679921383154817045, guid: d3d2ac7281fda77489f77b4052890423, type: 3}
      propertyPath: m_LocalRotation.w
      value: 1
      objectReference: {fileID: 0}
    - target: {fileID: -8679921383154817045, guid: d3d2ac7281fda77489f77b4052890423, type: 3}
      propertyPath: m_LocalRotation.x
      value: -0
      objectReference: {fileID: 0}
    - target: {fileID: -8679921383154817045, guid: d3d2ac7281fda77489f77b4052890423, type: 3}
      propertyPath: m_LocalRotation.y
      value: -0
      objectReference: {fileID: 0}
    - target: {fileID: -8679921383154817045, guid: d3d2ac7281fda77489f77b4052890423, type: 3}
      propertyPath: m_LocalRotation.z
      value: -0
      objectReference: {fileID: 0}
    - target: {fileID: -8679921383154817045, guid: d3d2ac7281fda77489f77b4052890423, type: 3}
      propertyPath: m_LocalEulerAnglesHint.x
      value: 0
      objectReference: {fileID: 0}
    - target: {fileID: -8679921383154817045, guid: d3d2ac7281fda77489f77b4052890423, type: 3}
      propertyPath: m_LocalEulerAnglesHint.y
      value: 0
      objectReference: {fileID: 0}
    - target: {fileID: -8679921383154817045, guid: d3d2ac7281fda77489f77b4052890423, type: 3}
      propertyPath: m_LocalEulerAnglesHint.z
      value: 0
      objectReference: {fileID: 0}
    - target: {fileID: -7635826562936255635, guid: d3d2ac7281fda77489f77b4052890423, type: 3}
      propertyPath: m_Materials.Array.data[0]
      value: 
      objectReference: {fileID: 2100000, guid: f0307d49699a8c446a1b3a54f8f53d39, type: 2}
    - target: {fileID: 919132149155446097, guid: d3d2ac7281fda77489f77b4052890423, type: 3}
      propertyPath: m_Name
      value: book
      objectReference: {fileID: 0}
    - target: {fileID: 919132149155446097, guid: d3d2ac7281fda77489f77b4052890423, type: 3}
      propertyPath: m_Layer
      value: 3
      objectReference: {fileID: 0}
    - target: {fileID: 8164078558771037576, guid: d3d2ac7281fda77489f77b4052890423, type: 3}
      propertyPath: m_Layer
      value: 3
      objectReference: {fileID: 0}
    m_RemovedComponents: []
  m_SourcePrefab: {fileID: 100100000, guid: d3d2ac7281fda77489f77b4052890423, type: 3}
--- !u!4 &7668018842146234618 stripped
Transform:
  m_CorrespondingSourceObject: {fileID: -8679921383154817045, guid: d3d2ac7281fda77489f77b4052890423, type: 3}
  m_PrefabInstance: {fileID: 7917609619619153681}
  m_PrefabAsset: {fileID: 0}
--- !u!1 &2066129469515743897 stripped
GameObject:
  m_CorrespondingSourceObject: {fileID: 8164078558771037576, guid: d3d2ac7281fda77489f77b4052890423, type: 3}
  m_PrefabInstance: {fileID: 7917609619619153681}
  m_PrefabAsset: {fileID: 0}
